@misc{li2016learning,
      title={Learning to Optimize}, 
      author={Ke Li and Jitendra Malik},
      year={2016},
      eprint={1606.01885},
      archivePrefix={arXiv},
      primaryClass={cs.LG}
}

@misc{li2017learning,
      title={Learning to Optimize Neural Nets}, 
      author={Ke Li and Jitendra Malik},
      year={2017},
      eprint={1703.00441},
      archivePrefix={arXiv},
      primaryClass={cs.LG}
}

@misc{andrychowicz2016learning,
      title={Learning to learn by gradient descent by gradient descent}, 
      author={Marcin Andrychowicz and Misha Denil and Sergio Gomez and Matthew W. Hoffman and David Pfau and Tom Schaul and Brendan Shillingford and Nando de Freitas},
      year={2016},
      eprint={1606.04474},
      archivePrefix={arXiv},
      primaryClass={cs.NE}
}